@book{Clayton,
    author    = "Clayton, Donald",
    title     = "Principles of Stellar Evolution and Nucleosynthesis",
    year      = "1968",
    publisher = "McGraw-Hill"
}

@book{Kipp_book,
    author    = "Kippenhahn, R., and Weigert, A., and Weiss, A.",
    title     = "Stellar Structure and Evolution",
    year      = "2012",
    publisher = "Springer",
    edition   = "2nd"
}
